<?xml version="1.0" encoding="UTF-8"?><record xmlns="http://www.loc.gov/MARC21/slim" xmlns:cinclude="http://apache.org/cocoon/include/1.0" xmlns:zs="http://www.loc.gov/zing/srw/">
  <leader>00435nz  a2200121n  4500</leader>
  <controlfield tag="001">n  87932547 </controlfield>
  <controlfield tag="003">DLC</controlfield>
  <controlfield tag="005">19870901145016.7</controlfield>
  <controlfield tag="008">870713n| acannaab|          |n aaa |||  </controlfield>
  <datafield tag="010" ind1=" " ind2=" ">
    <subfield code="a">n  87932547 </subfield>
  </datafield>
  <datafield tag="040" ind1=" " ind2=" ">
    <subfield code="a">DLC</subfield>
    <subfield code="c">DLC</subfield>
    <subfield code="d">DLC</subfield>
  </datafield>
  <datafield tag="100" ind1="1" ind2="0">
    <subfield code="a">Brigden, Gerard W.</subfield>
  </datafield>
  <datafield tag="670" ind1=" " ind2=" ">
    <subfield code="a">His The need for a strategy for school building in Kenya, 1981:</subfield>
    <subfield code="b">t.p. (Gerard W. Brigden, O.B.E.; Unesco education facilities architect, Ministry of Higher Education, Nairobi)</subfield>
  </datafield>
</record>